%2d detection
@inproceedings{dalal2005histograms,
	title={Histograms of oriented gradients for human detection},
	author={Dalal, Navneet and Triggs, Bill},
	booktitle={Computer Vision and Pattern Recognition, 2005. CVPR 2005. IEEE Computer Society Conference on},
	volume={1},
	pages={886--893},
	year={2005},
	organization={IEEE}
}

@article{felzenszwalb2010object,
	title={Object detection with discriminatively trained part-based models},
	author={Felzenszwalb, Pedro F and Girshick, Ross B and McAllester, David and Ramanan, Deva},
	journal={IEEE transactions on pattern analysis and machine intelligence},
	volume={32},
	number={9},
	pages={1627--1645},
	year={2010},
	publisher={IEEE}
}

%rgbd dataset
@inproceedings{firman-cvprw-2016,
	author = {Michael Firman},
	title = {{RGBD Datasets: Past, Present and Future}},
	booktitle = {CVPR Workshop on Large Scale 3D Data: Acquisition, Modelling and Analysis},
	year = {2016}
}

@article{silberman2012indoor,
	title={Indoor segmentation and support inference from rgbd images},
	author={Silberman, Nathan and Hoiem, Derek and Kohli, Pushmeet and Fergus, Rob},
	journal={Computer Vision--ECCV 2012},
	pages={746--760},
	year={2012},
	publisher={Springer}
}

@incollection{janoch2013category,
	title={A category-level 3d object dataset: Putting the kinect to work},
	author={Janoch, Allison and Karayev, Sergey and Jia, Yangqing and Barron, Jonathan T and Fritz, Mario and Saenko, Kate and Darrell, Trevor},
	booktitle={Consumer Depth Cameras for Computer Vision},
	pages={141--165},
	year={2013},
	publisher={Springer}
}

@inproceedings{xiao2013sun3d,
	title={Sun3d: A database of big spaces reconstructed using sfm and object labels},
	author={Xiao, Jianxiong and Owens, Andrew and Torralba, Antonio},
	booktitle={Proceedings of the IEEE International Conference on Computer Vision},
	pages={1625--1632},
	year={2013}
}

@inproceedings{song2015sun,
	title={Sun rgb-d: A rgb-d scene understanding benchmark suite},
	author={Song, Shuran and Lichtenberg, Samuel P and Xiao, Jianxiong},
	booktitle={Proceedings of the IEEE conference on computer vision and pattern recognition},
	pages={567--576},
	year={2015}
}

%3d object detection in rgb image
@inproceedings{yan20073d,
	title={3d model based object class detection in an arbitrary view},
	author={Yan, Pingkun and Khan, Saad M and Shah, Mubarak},
	booktitle={Computer Vision, 2007. ICCV 2007. IEEE 11th International Conference on},
	pages={1--6},
	year={2007},
	organization={IEEE}
}
@article{buch20093d,
	title={3D extended histogram of oriented gradients (3DHOG) for classification of road users in urban scenes},
	author={Buch, Norbert and Orwell, James and Velastin, Sergio A},
	year={2009},
	publisher={Citeseer}
}
@article{gu2010discriminative,
	title={Discriminative mixture-of-templates for viewpoint classification},
	author={Gu, Chunhui and Ren, Xiaofeng},
	journal={Computer Vision--ECCV 2010},
	pages={408--421},
	year={2010},
	publisher={Springer}
}

@article{felzenszwalb2010object,
	title={Object detection with discriminatively trained part-based models},
	author={Felzenszwalb, Pedro F and Girshick, Ross B and McAllester, David and Ramanan, Deva},
	journal={IEEE transactions on pattern analysis and machine intelligence},
	volume={32},
	number={9},
	pages={1627--1645},
	year={2010},
	publisher={IEEE}
}

@inproceedings{fidler20123d,
	title={3d object detection and viewpoint estimation with a deformable 3d cuboid model},
	author={Fidler, Sanja and Dickinson, Sven and Urtasun, Raquel},
	booktitle={Advances in neural information processing systems},
	pages={611--619},
	year={2012}
}

@inproceedings{aubry2014seeing,
	title={Seeing 3d chairs: exemplar part-based 2d-3d alignment using a large dataset of cad models},
	author={Aubry, Mathieu and Maturana, Daniel and Efros, Alexei A and Russell, Bryan C and Sivic, Josef},
	booktitle={Proceedings of the IEEE conference on computer vision and pattern recognition},
	pages={3762--3769},
	year={2014}
}

%3d object detection in rgb-d image
@inproceedings{song2014sliding,
	title={Sliding shapes for 3d object detection in depth images},
	author={Song, Shuran and Xiao, Jianxiong},
	booktitle={European conference on computer vision},
	pages={634--651},
	year={2014},
	organization={Springer}
}

@inproceedings{ren2016three,
	title={Three-dimensional object detection and layout prediction using clouds of oriented gradients},
	author={Ren, Zhile and Sudderth, Erik B},
	booktitle={Proceedings of the IEEE Conference on Computer Vision and Pattern Recognition},
	pages={1525--1533},
	year={2016}
}

%other
@article{felzenszwalb2004efficient,
	title={Efficient graph-based image segmentation},
	author={Felzenszwalb, Pedro F and Huttenlocher, Daniel P},
	journal={International journal of computer vision},
	volume={59},
	number={2},
	pages={167--181},
	year={2004},
	publisher={Springer}
}

@article{uijlings2013selective,
	title={Selective search for object recognition},
	author={Uijlings, Jasper RR and Van De Sande, Koen EA and Gevers, Theo and Smeulders, Arnold WM},
	journal={International journal of computer vision},
	volume={104},
	number={2},
	pages={154--171},
	year={2013},
	publisher={Springer}
}